@article{mcculloch1943logical,
  title={A logical calculus of the ideas immanent in nervous activity},
  author={McCulloch, Warren S and Pitts, Walter},
  journal={The bulletin of mathematical biophysics},
  volume={5},
  number={4},
  pages={115--133},
  year={1943},
  publisher={Springer}
}

@conference{dartmouth1956,
  author    = {John McCarthy and Marvin Minsky and Nathaniel Rochester and Claude Shannon},
  title     = {Dartmouth Summer Research Project on Artificial Intelligence},
  year      = {1956},
  location  = {Dartmouth College, Hanover, New Hampshire, USA},
  url       = {https://home.dartmouth.edu/about/artificial-intelligence-ai-coined-dartmouth}
}

@misc{ontsi2023,
  author       = {Observatorio Nacional de Tecnología y Sociedad (ONTSI)},
  title        = {Uso de inteligencia artificial y big data en las empresas españolas},
  year         = {2023},
  url          = {https://www.ontsi.es/es/publicaciones/uso-de-inteligencia-artificial-y-big-data-en-las-empresas-espanolas}
}

@article{ENE-COVID,
  author={Gutiérrez-González, Enrique and García-Solano, Marta and Pastor-Barriuso, Roberto and Fernández de Larrea-Baz, Nerea and Rollán-Gordo, Almudena and Peñalver-Argüeso, Belén and Peña-Rey, Isabel and Pollán, Marina and Pérez-Gómez, Beatriz and ENE-COVID Study Group},
  title={Socio-geographical disparities of obesity and excess weight in adults in Spain: insights from the ENE-COVID study},
  journal={Frontiers in Public Health},
  volume={11},
  year={2023},
  url={https://www.frontiersin.org/articles/10.3389/fpubh.2023.1195249},
  doi={10.3389/fpubh.2023.1195249},
  issn={2296-2565}
}

@article{mckinsey2022ai,
  title = {The state of AI in 2022—and a half decade in review},
  author = {{McKinsey \& Company}},
  year = {2022},
  journal = {McKinsey Global Institute},
  url = {https://www.mckinsey.com/capabilities/quantumblack/our-insights/the-state-of-ai-in-2022-and-a-half-decade-in-review}
}

@report{AIIndex2024,
  title = {AI Index Report 2024},
  author = {Human-Centered AI Institute, Stanford University},
  year = {2024},
  url = {https://aiindex.stanford.edu/},
  institution = {Stanford University}
}

@article{mckinsey2023state,
  title = {The state of AI in 2023: Generative AIs breakout year},
  author = {{McKinsey \& Company}},
  year = {2023},
  journal = {McKinsey Global Institute},
  url = {https://www.mckinsey.com/capabilities/quantumblack/our-insights/the-state-of-ai-in-2023-generative-ais-breakout-year}
}

@book{fogel1966,
  author    = {Lawrence J. Fogel and Alvin J. Owens and Michael J. Walsh},
  title     = {Artificial Intelligence through Simulated Evolution},
  year      = {1966},
  publisher = {John Wiley \& Sons, Inc.},
  address   = {New York}
}

@book{rechenberg1973,
  author    = {Ingo Rechenberg},
  title     = {Evolution Strategy: Optimization of Technical Systems According to the Principles of Biological Evolution},
  year      = {1973},
  publisher = {Frommann-Holzboog},
  address   = {Stuttgart, Germany}
}

@book{holland1975,
  author    = {John H. Holland},
  title     = {Adaptation in Natural and Artificial Systems},
  year      = {1975},
  publisher = {University of Michigan Press},
  address   = {Ann Arbor, MI, USA}
}

@book{koza1992,
  author    = {John R. Koza},
  title     = {Genetic Programming: On the Programming of Computers by Means of Natural Selection},
  year      = {1992},
  publisher = {MIT Press},
  address   = {Cambridge, MA, USA}
}

@book{koza1994,
  author    = {John R. Koza},
  title     = {Genetic Programming II: Automatic Discovery of Reusable Programs},
  year      = {1994},
  publisher = {MIT Press},
  address   = {Cambridge, MA, USA}
}

@article{stigler1945,
  author  = {George J. Stigler},
  title   = {The Cost of Subsistence},
  journal = {Journal of Farm Economics},
  volume  = {27},
  number  = {2},
  pages   = {303--314},
  year    = {1945}
}

@article{kirkpatrick1983,
  author  = {Scott Kirkpatrick and C. Daniel Gelatt and Mario P. Vecchi},
  title   = {Optimization by Simulated Annealing},
  journal = {Science},
  volume  = {220},
  number  = {4598},
  pages   = {671--680},
  year    = {1983},
  doi     = {10.1126/science.220.4598.671},
  url     = {https://science.sciencemag.org/content/220/4598/671}
}

@book{goldberg1989,
  author    = {David E. Goldberg},
  title     = {Genetic Algorithms in Search, Optimization, and Machine Learning},
  year      = {1989},
  publisher = {Addison-Wesley},
  address   = {Reading, MA, USA}
}

@inproceedings{kahraman2005,
  author = {Kahraman, Aynur and Seven, H.},
  year = {2005},
  month = {06},
  pages = {390-393},
  title = {Healthy Daily Meal Planner},
  doi = {10.1145/1102256.1102345}
}

@inproceedings{kaldirim2006,
  author = {Kaldirim, E. and Köse, Z.},
  year = {2006},
  title = {Application of a Multi-objective Genetic Algorithm to the Modified Diet Problem},
  booktitle = {Genetic and Evolutionary Computation Congress (GECCO), Undergraduate Student Workshop},
  address = {Seattle, USA}
}

@article{kashima2009,
  author = {Kashima, Tomoko and Matsumoto, Shimpei and Ishii, Hiroaki},
  title = {Evaluation of Menu Planning Capability Based on Multi-dimensional 0/1 Knapsack Problem of Nutritional Management System},
  journal = {IAENG International Journal of Applied Mathematics},
  volume = {39},
  number = {3},
  pages = {163--170},
  year = {2009},
  url = {https://www.iaeng.org/IJAM/issues_v39/issue_3/IJAM_39_3_04.pdf}
}

@inproceedings{heinonen2016,
  author    = {Petri Heinonen and Esko Juuso},
  title     = {Development of a Genetic Algorithms Optimization Algorithm for a Nutritional Guidance Application},
  booktitle = {Proceedings of The 9th EUROSIM Congress on Modelling and Simulation, EUROSIM 2016, The 57th SIMS Conference on Simulation and Modelling SIMS 2016},
  editor    = {E. Juuso, E. Dahlquist, and K. Leiviskä},
  series    = {Linköping Electronic Conference Proceedings},
  number    = {142},
  pages     = {755--761},
  year      = {2016},
  publisher = {Linköping University Electronic Press},
  doi       = {10.3384/ecp1714255}
}

@article{KILICARSLAN2021102231,
  title = {Hybrid models based on genetic algorithm and deep learning algorithms for nutritional Anemia disease classification},
  author = {Serhat KILICARSLAN and Mete CELIK and afak SAHIN},
  journal = {Biomedical Signal Processing and Control},
  volume = {63},
  pages = {102231},
  year = {2021},
  issn = {1746-8094},
  doi = {10.1016/j.bspc.2020.102231},
  url = {https://www.sciencedirect.com/science/article/pii/S174680942030361X}
}

@article{cole2022,
  title={Recent Advances in Nutrigenomics: Making Strides Towards Precision Nutrition},
  author={Joanne B. Cole and Rosita Gabbianelli},
  journal={Frontiers in Genetics},
  volume={13},
  year={2022},
  doi={10.3389/fgene.2022.997266},
  url={https://www.frontiersin.org/articles/10.3389/fgene.2022.997266/full}
}
